3609 5792
333 692 474 743 vien.
534 693 794 758 Bogucen.
852 690 1219 757 capitaneides
1235 730 1247 751 ,
1303 689 1611 741 Rhetoricae

333 764 573 813 Auditor.
608 791 675 801 —
712 763 878 814 Autor
911 762 1165 827 wywodzi
1202 760 1509 813 Sobieskich
1544 758 1612 809 od

332 834 544 885 Leuka
578 834 678 886 m.

258 904 435 955 Ossol.
478 934 543 942 —
581 905 791 971 Jagiell.
822 934 885 942 —
913 904 1141 957 Osartor.
1172 932 1239 943 —
1275 899 1513 955 Krasifis.
1542 930 1608 939 —

334 976 561 1028 Dzikow
599 1005 664 1013 —
703 976 907 1027 Branic.

288 1085 375 1093 —
423 1046 635 1111 Divae
680 1045 1007 1111 Themidis
1052 1046 1328 1129 insignia
1372 1042 1611 1110 emble·

150 1137 391 1199 matiee
437 1134 854 1221 adumbrata,
899 1135 1243 1222 perillustri
1288 1145 1351 1199 et
1397 1134 1609 1198 admo—

149 1224 307 1287 dum
371 1223 721 1288 reverendo
782 1225 1057 1289 Domino
1113 1224 1197 1287 D.
1261 1224 1351 1287 M.
1416 1221 1610 1292 Seba—

148 1316 362 1377 stiano
408 1311 740 1377 Piskorski
785 1313 867 1378 U.
914 1313 977 1377 J.
1028 1312 1269 1377 doctori
1315 1322 1379 1377 et

148 1400 476 1466 eeclesiar.
527 1400 747 1484 colleg.
807 1400 1022 1467 Sanct.
1072 1400 1376 1466 Omnium
1422 1312 1607 1466 (E'Jrac.

150 1489 636 1576 archidiaconO,
701 1488 1049 1555 Velunensi
1120 1492 1424 1554 canonico
1485 1499 1604 1554 010.

151 1580 216 1644 S.
255 1580 335 1642 R.
368 1579 458 1643 M.
500 1578 857 1664 secretario,
904 1578 1060 1643 dum
1108 1601 1218 1663 pro
1260 1577 1398 1642 loco
1445 1580 1609 1643 inter

147 1669 237 1733 U.
271 1667 335 1731 J.
370 1666 659 1733 doctores
684 1677 748 1732 et
780 1668 1161 1752 professores
1193 1666 1423 1732 Almae
1454 1668 1606 1732 Uni-

151 1758 475 1821 versitatis
518 1757 786 1822 Cracov.
835 1758 899 1820 in
964 1778 1341 1840 magnorum
1403 1756 1607 1840 hospi-

152 1857 293 1909 tum
363 1845 809 1909 florentissima
876 1866 1111 1911 corona
1176 1843 1603 1932 responderet,

150 1956 269 2019 per
338 1933 428 1998 M.
491 1933 881 2018 Raphaelem
944 1933 1322 2000 Casimirum
1378 1932 1606 1998 Arten-

154 2022 259 2085 ski
303 2021 532 2109 philos.
581 2022 924 2108 doctorem,
971 2022 1315 2109 ejusdemq.
1359 2025 1606 2107 regium

152 2124 214 2176 et
260 2110 669 2196 Tylicianum
716 2110 1115 2197 eloquentiae
1170 2112 1604 2196 professorem,

152 2199 465 2284 collegam
510 2200 814 2285 majorem
832 2251 847 2281 ,
897 2199 1200 2264 ecelesiae
1252 2199 1475 2284 colleg.
1538 2199 1603 2265 S.

158 2290 391 2353 Annae
460 2291 866 2374 canonicum,
952 2288 1261 2375 applausu
1329 2287 1608 2372 gratula-

153 2380 313 2442 torio
376 2376 691 2443 dedicata.
740 2378 933 2442 Anno
980 2377 1115 2441 Dni
1164 2378 1355 2442 1683.
1415 2375 1517 2441 die
1561 2381 1606 2442 4

155 2466 391 2530 mensis
423 2462 823 2531 Novembris.
858 2465 1223 2548 Cracoviae,
1259 2467 1429 2553 typis
1453 2466 1605 2530 Uni-

156 2557 507 2641 versitatis‚
561 2556 750 2620 1683.
798 2554 966 2641 folio,
1014 2554 1163 2620 kart
1208 2555 1270 2619 3.

260 2641 510 2710 Jnszyfis.
548 2644 823 2709 Dykcyon.
863 2644 905 2697 Ι.

259 2716 529 2767 Ossol.—
566 2712 804 2767 Krasifis.
833 2744 899 2752 —
937 2714 1161 2766 Dzikbw
1197 2742 1263 2751 —
1304 2714 1532 2766 Czartor.

285 2824 377 2834 —-
422 2786 711 2851 Emerita
739 2795 1000 2891 togatae
1025 2784 1296 2850 Palladis
1320 2807 1606 2871 munera,

156 2876 240 2938 X.
281 2874 604 2940 nobilibus
650 2884 715 2940 et
758 2877 1037 2963 egregijs
1076 2872 1602 2956 adolescentibus,

157 2966 428 3049 primam
487 2964 554 3027 in
613 2963 859 3028 artibus
907 2974 971 3027 et
1014 2962 1411 3049 philosophia
1476 2962 1607 3028 lau-

155 3076 331 3116 ream
391 3052 841 3138 prensantibus
901 3075 1013 3138 per
1071 3051 1489 3116 clarissimum
1544 3063 1607 3116 et

158 3141 502 3206 admodum
531 3141 953 3206 reuerendum
986 3141 1331 3206 Dominum
1379 3141 1467 3205 M.
1501 3139 1544 3205 J
1545 3163 1607 3205 o

156 3252 385 3295 annem
458 3229 803 3295 Michalski
871 3228 1092 3314 philost.
1156 3230 1478 3295 doctorem
1542 3240 1607 3295 et

159 3319 418 3404 profess.
475 3318 784 3403 collegam
831 3322 1153 3405 maiorem,
1201 3320 1267 3383 in
1314 3318 1603 3405 frequen·

157 3409 394 3473 tissimo
465 3407 1001 3473 nobilissimorum
1073 3406 1391 3494 hospitum
1461 3428 1603 3471 con-

162 3517 368 3582 sessu,
418 3496 648 3562 collata
690 3506 821 3583 atq.
869 3495 995 3561 luci
1057 3496 1352 3582 publicae
1398 3518 1437 3559 a
1481 3497 1607 3560 Ra-

158 3584 380 3669 phaele
428 3585 738 3650 Casimiro
785 3583 1094 3649 Artenski
1141 3582 1427 3670 ejusdem
1474 3583 1605 3648 lau-

161 3696 302 3738 reae
348 3672 686 3739 candidato
732 3676 798 3738 in
844 3676 975 3738 vim
1032 3672 1347 3738 fraternae
1394 3672 1606 3737 obser-

159 3766 414 3827 vantiae
446 3772 757 3828 concentu
803 3762 1003 3850 lyrico
1035 3770 1437 3845 praesentata
1474 3760 1604 3825 An·
1667 3801 1674 3807 ·

160 3873 244 3913 no
302 3852 562 3917 Domini
623 3853 813 3916 1667.
878 3850 978 3915 die
1031 3853 1112 3916 15
1160 3849 1389 3915 Octob.
1450 3850 1607 3913 hora

167 3941 267 4004 13.
329 3941 695 4023 Cracoviae,
753 3940 818 4003 in
865 3939 1121 4003 officina
1167 3938 1604 4024 Schedeliana,

160 4027 228 4092 S.
275 4030 349 4092 R.
396 4030 485 4094 M.
535 4027 913 4115 typograph.
961 4026 1087 4092 An.
1126 4029 1318 4093 1667.
1361 4050 1420 4091 w
1466 4031 1604 4114 400,

161 4115 308 4182 kart
350 4120 409 4181 8.

270 4206 453 4259 Jocher
489 4205 644 4260 1410.

636 4278 827 4343 Jagiel.
869 4270 938 4313 —'
972 4277 1143 4329 Ossol.
1186 4305 1251 4313 —
1292 4275 1532 4328 Dzikow.

298 4385 375 4394 —
423 4346 900 4434 Encyclopedia
945 4346 1337 4433 theolegica‚
1387 4346 1606 4433 sphae-

162 4458 373 4500 rarum
396 4436 883 4503 emblematibus
908 4458 1211 4523 expressa
1244 4398 1603 4521 perillustri,

162 4522 521 4611 clarissime,
570 4536 637 4591 et
679 4523 1025 4589 admodum
1079 4523 1429 4590 reuerendo
1477 4524 1607 4587 Do-

160 4613 331 4677 mino
376 4615 462 4679 M.
503 4615 781 4679 Martino
813 4612 1131 4700 Winkler,
1181 4612 1244 4679 S.
1293 4613 1413 4677 Th.
1461 4612 1605 4677 doc-

162 4703 282 4765 tori
328 4713 389 4767 et
433 4703 817 4817 professori,
867 4703 1223 4789 praeposito
1278 4701 1606 4767 Sandomi-

162 4790 317 4854 rien.
360 4790 597 4857 decano
647 4791 711 4857 S.
760 4790 1060 4872 Floriani,
1109 4790 1415 4876 prouisori
1463 4812 1605 4854 con-

162 4877 431 4943 tuberni
499 4880 1068 4962 Szmieszkouiani,
1148 4879 1212 4944 S.
1270 4879 1347 4943 R.
1406 4899 1605 4943 secre-

161 4967 341 5048 tario,
387 4902 535 5034 ilum
584 4991 699 5056 pro
746 4967 884 5033 loco
931 4970 1096 5033 inter
1142 4967 1206 5033 S.
1254 4966 1607 5050 theologiae

162 5053 444 5121 doctores
490 5068 553 5122 et
606 5057 989 5144 professores
1034 5055 1239 5121 almae
1284 5055 1606 5122 Universi-

151 5144 314 5208 tatis
356 5145 543 5233 studij
595 5145 911 5230 generalis
965 5144 1334 5211 Craeovien.
1386 5146 1451 5208 in
1497 5143 1603 5208 flo-

3033 453 3139 524 233

1682 686 2046 748 rentissima
2090 705 2468 768 magnorum
2513 682 2829 770 hospitum
2877 705 3129 770 corona,

1683 795 1915 858 magno
1961 795 2108 838 cum
2155 772 2435 836 omnium
2494 771 2804 857 applausu
2853 783 2916 836 et
2961 772 3134 837 laeti-

1680 864 1770 928 tia
1799 865 1866 926 in
1896 861 2153 926 lectorio
2185 862 2335 925 DD.
2370 860 2836 944 Theologorum
2877 884 3131 948 respon·

1681 949 1892 1033 deret;
1953 973 1993 1013 a
2036 951 2126 1015 M.
2175 950 2316 1035 Rap
2317 948 2498 1013 haelo
2546 948 2854 1014 Casimiro
2900 952 3130 1014 Arten-

1681 1039 1814 1120 ski,
1877 1038 2100 1126 philos.
2165 1039 2443 1124 doctore,
2508 1038 2890 1123 ejusdemq’·
2875 1088 2892 1120 ‚
2955 1040 3131 1122 regio

1681 1137 1746 1193 et
1790 1127 2122 1215 Tyliciano
2155 1127 2551 1213 eloquentiae
2593 1128 2962 1212 professore,
3013 1126 3135 1192 col-

1681 1217 1827 1302 lega
1883 1218 2150 1299 maiore,
2217 1216 2519 1280 ecclesiae
2567 1215 2725 1279 coll:
2789 1214 2856 1282 S.
2905 1214 3136 1279 Annae

1680 1307 2004 1387 canonicO,
2046 1307 2114 1369 in
2147 1305 2271 1369 vim
2309 1304 2507 1369 debiti
2538 1302 2746 1369 cultus
2779 1313 2842 1370 et
2872 1303 3132 1390 applau-

1681 1417 1789 1459 sus
1853 1394 2278 1480 gratulatorij,
2327 1404 2711 1458 consecrata.
2761 1394 2952 1456 Anno
3001 1392 3133 1457 Dni

1686 1485 1874 1548 1683.
1925 1481 2027 1547 die
2071 1485 2112 1547 9
2160 1482 2560 1547 Nouembris.
2610 1482 2977 1547 Craeoviae.
3028 1482 3134 1545 Ex

1679 1571 1937 1636 officina
2012 1571 2336 1636 Francisci
2405 1570 2672 1658 Cezary,
2752 1569 2816 1635 S.
2888 1572 2964 1635 R.
3043 1570 3131 1633 M.

1678 1659 1989 1726 illustriss
2048 1683 2123 1723 ac
2183 1659 2598 1724 reuerendiss.
2662 1659 2793 1723 Dni
2856 1661 3135 1744 episcopi

1680 1747 2054 1814 Cracouien.
2087 1748 2267 1813 ducis
2309 1748 2624 1829 Seueriae,
2677 1769 2922 1812 necnon
2955 1746 3133 1811 scho-

1677 1836 1883 1903 larum
1922 1837 2631 1902 Nouoduorseianarum
2667 1845 2916 1923 typogr.
2958 1835 3125 1919 folio,

1679 1926 1820 1991 ark.
1870 1927 1974 2009 B2.

1784 2016 2119 2067 Przedmowa
2153 2031 2311 2082 prozq
2329 2052 2343 2078 ,
2380 2030 2524 2066 rzeez
2561 2015 2843 2066 πίοι-330111.

1784 2084 2028 2153 Juszyns.
2068 2085 2346 2151 Dykcyon.
2386 2087 2429 2135 1.

2151 2156 2362 2222 Jagiell.
2402 2186 2471 2194 -
2509 2157 2678 2209 03301.
2721 2174 2785 2193 -·-
2824 2156 3051 2207 Czartor.

1812 2274 1899 2283 —-
1945 2236 2304 2318 Fastigium
2360 2234 2636 2302 Senatus
2691 2235 2903 2322 poloni
2950 2237 3014 2299 in
3062 2234 3131 2300 il-

1677 2324 2050 2389 lustrissimo
2091 2323 2239 2389 olim
2286 2334 2352 2389 et
2393 2323 2916 2390 excellentissimo
2962 2325 3130 2388 Dno

1677 2414 1761 2477 D.
1797 2412 2112 2480 Stanislao
2145 2436 2185 2476 a
2216 2415 2567 2502 Warszyee
2592 2412 2998 2501 Warszycki,
3032 2435 3133 2477 co-

1678 2505 1830 2567 mite
1890 2504 1952 2565 in
2015 2501 2194 2566 Pilca
2256 2513 2320 2566 et
2372 2501 2847 2586 Ogrodzieniec,
2914 2462 3132 2566 0313101-

1677 2591 1826 2655 lano
1880 2590 2322 2676 Cracoviensi‚
2386 2590 2540 2656 dum
2601 2613 2746 2654 cum
2812 2591 3130 2655 officiosae

1676 2679 1927 2765 pietatis
1989 2681 2160 2765 erge,
2223 2641 2520 2763 geberale
2581 2679 2856 2745 studium
2923 2678 3128 2743 almae

1677 2768 2108 2832 universitatis
2186 2767 2623 2833 Cracouiensis
2708 2770 2774 2831 in
2861 2767 3129 2832 ecclesia

1677 2855 2012 2941 collegiata
2059 2855 2122 2922 S.
2166 2856 2418 2944 Annae,
2459 2856 2840 2921 funeralium
2891 2856 3126 2921 honore

1678 2955 2190 3033 prosequeretur,
2232 2968 2270 3009 a
2314 2946 2404 3010 M.
2453 2945 2776 3031 Raphaele
2819 2944 3125 3009 Artenski

1678 3034 2106 3120 philosophiae
2183 3032 2465 3117 doctore,
2545 3034 2790 3117 collega
2865 3036 3124 3120 minore,

1678 3123 1995 3188 ordinario
2026 3122 2422 3209 eloquentiae
2469 3123 2837 3208 professore,
2873 3122 3132 3206 lugubri

1678 3214 1960 3277 carmine
1983 3211 2452 3277 adumbratum.
2477 3212 2668 3277 Anno
2693 3211 2913 3275 salutis
2936 3214 3126 3276 1681.

1678 3300 1780 3365 die
1828 3302 1914 3366 25
1947 3300 2301 3365 Februarii.
2352 3300 2716 3387 Cracoviae,
2765 3301 2938 3389 typis
2970 3300 3126 3366 Uni-

1675 3390 2014 3454 versitatis.
2063 3388 2231 3472 foli0,
2282 3389 2421 3454 ark.
2472 3388 2572 3473 02.

1783 3480 1868 3531 Na
1895 3478 2074 3530 odwr.
2113 3479 2307 3530 stronie
2356 3481 2535 3544 tytui'u
2581 3478 2708 3529 herb
2746 3476 3128 3542 Warszyckich

1859 3549 2207 3612 „“.Habdank
2246 3550 2456 3615 Dedyk.
2493 3566 2649 3616 prosa
2683 3549 2890 3599 Janowi
2927 3550 3127 3599 Kazim.

1855 3620 2300 3685 Warszyckiemu‚
2328 3620 2701 3671 kasztelanowi
2723 3618 3126 3684 Ojeowskiemu‚

1855 3692 2056 3755 synowi
2091 3695 2374 3758 amar-lego.
2411 3694 2578 3742 Rzecz
2614 3693 2739 3742 cala
2776 3691 3052 3741 wierszem.

1784 3761 2050 3813 Niesiecki
2086 3762 2177 3814 1v.
2216 3761 2338 3816 446.
2381 3791 2446 3800 ·—
2483 3764 2680 3813 Batow,
2719 3759 2878 3813 4502.

2148 3834 2360 3900 sagien.
2403 3864 2467 3870 —
2506 3834 2674 3884 Ossol.
2713 3860 2787 3869 —
2824 3818 3048 3882 Czartor.

1811 3940 1899 3951 -—
1945 3903 2266 3968 Pretiosus
2327 3904 2485 3990 lapis
2530 3926 2566 3967 e
2613 3924 2845 3966 corona
2901 3902 3122 3988 capitis

1677 3990 1882 4056 almae
1919 3992 2368 4057 Universitatis
2402 3992 2584 4058 Orac.
2619 3989 2882 4056 avulsus
2926 4003 3126 4055 aeter-

1677 4102 1760 4145 no
1821 4082 2129 4144 virtutum
2192 4091 2256 4146 et
2324 4084 2692 4146 meritorum
2753 4079 3124 4164 perillustris

1678 4169 1826 4233 olim
1873 4178 1937 4233 et
1975 4168 2316 4234 admodum
2360 4169 2692 4235 reuerendi
2732 4168 2994 4232 Domini
3039 4169 3124 4233 D.

1677 4258 1766 4322 M.
1816 4256 2081 4322 Joannis
2137 4257 2387 4323 Radzki
2451 4259 2515 4324 S.
2571 4258 2689 4322 Th.
2740 4256 3014 4322 doctoris
3060 4268 3124 4322 et

1677 4347 2069 4449 professoris,
2119 4347 2422 4412 ecclesiae
2467 4345 2844 4411 cathedralis
2896 4345 3126 4411 Oraco-

1677 4436 1912 4499 niensis
1945 4439 2259 4523 canonici,
2308 4435 2719 4523 protonotarij
2754 4433 3124 4517 Apostolici,

1677 4522 2046 4606 collegiatae
2093 4524 2204 4589 SS.
2240 4527 2545 4591 Omnium
2634 4522 2957 4608 raepositi,
2999 4522 3127 4588 Cu-

1674 4613 2079 4677 rzelouiensis
2141 4614 2521 4692 scholastici,
2615 4612 2890 4676 brorum
2963 4610 3122 4675 ordi-

1676 4702 1837 4788 narij
1899 4724 2015 4786 per
2059 4701 2393 4767 dioecesim
2450 4663 2934 4766 Ciacoviensem
2983 4723 3126 4764 cen—

1677 4792 1865 4874 soris,
1928 4787 1994 4855 S.
2063 4790 2140 4854 R.
2199 4791 2287 4854 M.
2353 4791 2703 4871 secretarii,
2768 4786 3126 4852 scholarum

1675 4877 2073 4942 Vladislauia
2117 4878 2823 4943 Novodvorscianarum
2872 4886 2937 4940 et
2980 4900 3126 4941 con-

1676 4966 1955 5030 tubernii
2001 4964 2299 5031 Sisiniani
2346 4967 2704 5051 provisoris,
2754 4967 2819 5028 in
2863 4966 3129 5030 ecelesia

1678 5054 2015 5139 collegiata
2068 5055 2132 5120 S.
2178 5055 2410 5120 Annae
2457 5053 2656 5120 Grac:
2717 5075 2952 5138 magno
2998 5077 3129 5119 om-

1678 5146 1856 5208 nium
1904 5166 2048 5207 cum
2109 5143 2321 5208 dolore
2381 5154 2448 5209 et
2504 5152 2815 5230 apparatu
2874 5142 3126 5208 funebri

2705 5248 2776 5299 30
